<record><leader>00000cas a22000007a 4500</leader><controlfield tag="001">19755726</controlfield><controlfield tag="008">890524d19681974gauwr ne      0    0eng d</controlfield><datafield ind1=" " ind2=" " tag="010"><subfield code="a">sn 89053311 </subfield></datafield><datafield ind1=" " ind2=" " tag="040"><subfield code="a">NLG</subfield><subfield code="b">eng</subfield><subfield code="c">NLG</subfield><subfield code="d">GUA</subfield><subfield code="d">OCLCQ</subfield><subfield code="d">OCLCF</subfield><subfield code="d">OCLCO</subfield></datafield><datafield ind1="1" ind2=" " tag="029"><subfield code="a">AU@</subfield><subfield code="b">000040880101</subfield></datafield><datafield ind1=" " ind2=" " tag="042"><subfield code="a">msc</subfield></datafield><datafield ind1=" " ind2=" " tag="043"><subfield code="a">n-us-ga</subfield></datafield><datafield ind1="0" ind2="0" tag="245"><subfield code="a">Marion County patriot [and] Ellaville citizen.</subfield></datafield><datafield ind1=" " ind2=" " tag="260"><subfield code="a">Talbotton, Ga. :</subfield><subfield code="b">New Era Press,</subfield><subfield code="c">1968-1974.</subfield></datafield><datafield ind1=" " ind2=" " tag="300"><subfield code="a">v.</subfield></datafield><datafield ind1=" " ind2=" " tag="310"><subfield code="a">Weekly</subfield></datafield><datafield ind1="0" ind2=" " tag="362"><subfield code="a">Vol. 85, no. 34 (Aug. 22, 1968)-v. 96, no. 39 (Sept. 26, 1974).</subfield></datafield><datafield ind1=" " ind2=" " tag="530"><subfield code="a">Also on microfilm: Athens, Ga. : University of Georgia Libraries.</subfield></datafield><datafield ind1=" " ind2=" " tag="530"><subfield code="a">Formed by the union of: Marion County patriot, and: Ellaville citizen.</subfield></datafield><datafield ind1=" " ind2="0" tag="651"><subfield code="a">Marion County (Ga.)</subfield><subfield code="v">Newspapers.</subfield></datafield><datafield ind1=" " ind2="0" tag="651"><subfield code="a">Schley County (Ga.)</subfield><subfield code="v">Newspapers.</subfield></datafield><datafield ind1=" " ind2="7" tag="655"><subfield code="a">Newspapers.</subfield><subfield code="2">fast</subfield><subfield code="0">(OCoLC)fst01423814</subfield></datafield><datafield ind1=" " ind2="7" tag="651"><subfield code="a">Georgia</subfield><subfield code="z">Marion County.</subfield><subfield code="2">fast</subfield><subfield code="0">(OCoLC)fst01217769</subfield></datafield><datafield ind1=" " ind2="7" tag="651"><subfield code="a">Georgia</subfield><subfield code="z">Schley County.</subfield><subfield code="2">fast</subfield><subfield code="0">(OCoLC)fst01211785</subfield></datafield><datafield ind1=" " ind2=" " tag="752"><subfield code="a">United States</subfield><subfield code="b">Georgia</subfield><subfield code="c">Talbot</subfield><subfield code="d">Talbotton.</subfield></datafield><datafield ind1=" " ind2=" " tag="752"><subfield code="a">United States</subfield><subfield code="b">Georgia</subfield><subfield code="c">Marion.</subfield></datafield><datafield ind1=" " ind2=" " tag="752"><subfield code="a">United States</subfield><subfield code="b">Georgia</subfield><subfield code="c">Schley.</subfield></datafield><datafield ind1="1" ind2="4" tag="780"><subfield code="t">Marion County patriot</subfield><subfield code="w">(DLC)sn 89053312</subfield><subfield code="w">(OCoLC)19755793</subfield></datafield><datafield ind1="1" ind2="4" tag="780"><subfield code="t">Ellaville citizen</subfield><subfield code="w">(DLC)sn 89053214</subfield><subfield code="w">(OCoLC)19902911</subfield></datafield><datafield ind1="0" ind2="0" tag="785"><subfield code="t">Patriot-citizen (Buena Vista, Ga.)</subfield><subfield code="w">(DLC)sn 89053310</subfield><subfield code="w">(OCoLC)19755645</subfield></datafield></record>